@article{Goldwasser1989,
  title     = {The Knowledge Complexity of Interactive Proof Systems},
  volume    = {18},
  issn      = {1095-7111},
  url       = {http://dx.doi.org/10.1137/0218012},
  doi       = {10.1137/0218012},
  number    = {1},
  journal   = {SIAM Journal on Computing},
  publisher = {Society for Industrial & Applied Mathematics (SIAM)},
  author    = {Goldwasser,  Shafi and Micali,  Silvio and Rackoff,  Charles},
  year      = {1989},
  month     = feb,
  pages     = {186-208}
} 

@article{goldreich1991proofs,
  title     = {Proofs that yield nothing but their validity or all languages in NP have zero-knowledge proof systems},
  author    = {Goldreich, Oded and Micali, Silvio and Wigderson, Avi},
  journal   = {Journal of the ACM (JACM)},
  volume    = {38},
  number    = {3},
  pages     = {690--728},
  year      = {1991},
  publisher = {ACM New York, NY, USA}
}

@inproceedings{Goldwasser1986,
  series     = {STOC ’86},
  title      = {Private coins versus public coins in interactive proof systems},
  url        = {http://dx.doi.org/10.1145/12130.12137},
  doi        = {10.1145/12130.12137},
  booktitle  = {Proceedings of the eighteenth annual ACM symposium on Theory of computing  - STOC ’86},
  publisher  = {ACM Press},
  author     = {Goldwasser,  S and Sipser,  M},
  year       = {1986},
  collection = {STOC ’86}
}

@inbook{Fiat,
  title     = {How To Prove Yourself: Practical Solutions to Identification and Signature Problems},
  isbn      = {9783540180470},
  url       = {http://dx.doi.org/10.1007/3-540-47721-7_12},
  doi       = {10.1007/3-540-47721-7_12},
  booktitle = {Lecture Notes in Computer Science},
  publisher = {Springer Berlin Heidelberg},
  author    = {Fiat,  Amos and Shamir,  Adi},
  pages     = {186-194}
}

@article{Babai1988,
  title     = {Arthur-Merlin games: A randomized proof system,  and a hierarchy of complexity classes},
  volume    = {36},
  issn      = {0022-0000},
  url       = {http://dx.doi.org/10.1016/0022-0000(88)90028-1},
  doi       = {10.1016/0022-0000(88)90028-1},
  number    = {2},
  journal   = {Journal of Computer and System Sciences},
  publisher = {Elsevier BV},
  author    = {Babai,  László and Moran,  Shlomo},
  year      = {1988},
  month     = apr,
  pages     = {254-276}
}

@article{Schwartz1980,
  title 	= {Fast Probabilistic Algorithms for Verification of Polynomial Identities},
  volume 	= {27},
  ISSN 		= {1557-735X},
  url 		= {http://dx.doi.org/10.1145/322217.322225},
  DOI 		= {10.1145/322217.322225},
  number 	= {4},
  journal 	= {Journal of the ACM},
  publisher = {Association for Computing Machinery (ACM)},
  author 	= {Schwartz,  J. T.},
  year 		= {1980},
  month		= oct,
  pages		= {701–717}
}

@inbook{Zippel1979,
  title 	= {Probabilistic algorithms for sparse polynomials},
  ISBN 		= {9783540351283},
  ISSN 		= {1611-3349},
  url 		= {http://dx.doi.org/10.1007/3-540-09519-5_73},
  DOI 		= {10.1007/3-540-09519-5_73},
  booktitle = {Lecture Notes in Computer Science},
  publisher = {Springer Berlin Heidelberg},
  author 	= {Zippel,  Richard},
  year 		= {1979},
  pages 	= {216–226}
}

@article{Demillo1978,
  title 	= {A probabilistic remark on algebraic program testing},
  volume 	= {7},
  ISSN 		= {0020-0190},
  url 		= {http://dx.doi.org/10.1016/0020-0190(78)90067-4},
  DOI 		= {10.1016/0020-0190(78)90067-4},
  number 	= {4},
  journal 	= {Information Processing Letters},
  publisher = {Elsevier BV},
  author 	= {Demillo,  Richard A. and Lipton,  Richard J.},
  year 		= {1978},
  month 	= jun,
  pages 	= {193–195}
}

@misc{ButerinIncompleteGuide,
  author       = {},
  title        = { {A}n incomplete guide to stealth addresses  --- vitalik.eth.limo},
  howpublished = {\url{https://vitalik.eth.limo/general/2023/01/20/stealth.html}},
  year         = {},
  note         = {[Accessed 12-12-2023]}
}

@misc{ButerinSocialRecovery,
	author 			= {},
	title 			= { {W}hy we need wide adoption of social recovery wallets  --- vitalik.eth.limo},
	howpublished 	= {\url{https://vitalik.eth.limo/general/2021/01/11/recovery.html}},
	year 			= {},
	note 			= {[Accessed 25-12-2023]},
}

@misc{youtubeMOOCLecture1,
  author       = {},
  title        = {{Z}{K}{P} {M}{O}{O}{C} {L}ecture 1: {I}ntroduction and {H}istory of {Z}{K}{P} --- youtube.com},
  howpublished = {\url{https://www.youtube.com/watch?v=uchjTIlPzFo&list=PLS01nW3Rtgor_yJmQsGBZAg5XM4TSGpPs}},
  year         = {},
  note         = {[Accessed 16-12-2023]}
}

@misc{youtuMOOCLecture2,
  author       = {},
  title        = {{Z}{K}{P} {M}{O}{O}{C} {L}ecture 2: {O}verview of {M}odern {S}{N}{A}{R}{K} {C}onstructions --- youtube.com},
  howpublished = {\url{https://youtu.be/bGEXYpt3sj0?si=WionmSWqXZdgi9lM}},
  year         = {},
  note         = {[Accessed 16-12-2023]}
}

@misc{ToddStealthAddresses,
	author 			= {},
	title 			= { [{B}itcoin-development] {S}tealth {A}ddresses  --- lists.linuxfoundation.org},
	howpublished	= {\url{https://lists.linuxfoundation.org/pipermail/bitcoin-dev/2014-January/004020.html}},
	year 			= {},
	note 			= {[Accessed 19-12-2023]},
}
@misc{ethereumERC5564Stealth,
	author 			= {},
	title 			= {{E}{R}{C}-5564: {S}tealth {A}ddresses --- eips.ethereum.org},
	howpublished 	= {\url{https://eips.ethereum.org/EIPS/eip-5564}},
	year 			= {},
	note 			= {[Accessed 25-12-2023]},
}

@article{Wang2023,
  title = {Stealth Address Schemes With Fast Retrievability Based On Subgroup Membership Assumptions Related To Factoring},
  ISSN = {1460-2067},
  url = {http://dx.doi.org/10.1093/comjnl/bxad056},
  DOI = {10.1093/comjnl/bxad056},
  journal = {The Computer Journal},
  publisher = {Oxford University Press (OUP)},
  author = {Wang,  Xin and Lin,  Li and Wang,  Yao},
  year = {2023},
  month = jun 
}
